<?xml version="1.0" encoding="UTF-8"?><collection xmlns="http://www.loc.gov/MARC21/slim"><record><leader>00414nam--2200133-i-4500</leader><controlfield tag="001">000018502</controlfield><controlfield tag="002">20161230</controlfield><controlfield tag="005">20161230201032</controlfield><controlfield tag="008">060222s1000------------r-----000-0-eng-d</controlfield><datafield ind1=" " ind2=" " tag="100"><subfield code="a">Fast, J. D</subfield></datafield><datafield ind1=" " ind2=" " tag="245"><subfield code="a">Entropie.die bedeutung des entropiebegriffes und seine anwendung in wissenschaft und tehnik</subfield></datafield><datafield ind1=" " ind2=" " tag="260"><subfield code="a">Eidhoven, Centre Verlag, 1960.   Xii + 328 P</subfield></datafield><datafield ind1=" " ind2=" " tag="490"><subfield code="a">Philip`S Technische Bibliothek</subfield></datafield><datafield ind1=" " ind2=" " tag="852"><subfield code="a">16804</subfield></datafield></record></collection>